@online{stack-overflow-template-class,
    title = "What is the difference between a template class and a class template?",
    url = "https://stackoverflow.com/questions/879535/what-is-the-difference-between-a-template-class-and-a-class-template"
}

@online{msvc-template-class,
    title = "Source Code Organization: C++ Templates",
    author = "Microsoft",
    url = "https://learn.microsoft.com/en-us/cpp/cpp/source-code-organization-cpp-templates?view=msvc-170"
}

@online{codeproject-template-class,
    title = "How to Define a Template Class in a .h File and Implement in a .cpp File",
    author = "CodeProject",
    url = "https://www.codeproject.com/Articles/48575/How-to-Define-a-Template-Class-in-a-h-File-and-Imp"
}

@online{isocpp-template-faq,
    title = "C++ FAQ: Templates",
    url = "https://isocpp.org/wiki/faq/templates"
}

@online{stack-overflow-template-header,
    title = "Why can templates only be implemented in the header file?",
    url = "https://stackoverflow.com/questions/495021/why-can-templates-only-be-implemented-in-the-header-file/495056#495056"
}

@online{chatgpt,
    title = "OpenAI GPT-3.5",
    author = "ChatGPT",
    note = "Personal Assistant AI",
    url = "https://www.openai.com/"
}
